@article{peel2014detecting,
  title={Detecting change points in the large-scale structure of evolving networks},
  author={Peel, Leto and Clauset, Aaron},
  journal={arXiv preprint arXiv:1403.0989},
  year={2014}
}